<?xml version="1.0" encoding="UTF-8"?><collection xmlns="http://www.loc.gov/MARC21/slim"><record><leader>00593nam--2200169-i-4500</leader><controlfield tag="001">000035745</controlfield><controlfield tag="002">20161230</controlfield><controlfield tag="005">20170302102750</controlfield><controlfield tag="008">060222s1000------------r-----000-0-eng-d</controlfield><datafield ind1=" " ind2=" " tag="040"><subfield code="a">IFIN-HH</subfield></datafield><datafield ind1=" " ind2=" " tag="080"><subfield code="a">061.3:539.2:535</subfield></datafield><datafield ind1="1" ind2=" " tag="100"><subfield code="a">Haidemenakis, E.D</subfield></datafield><datafield ind1="1" ind2="0" tag="245"><subfield code="a">Optical properties of solids</subfield><subfield code="b">Lectures and seminars presented at the Fifth Chania International Conference held in Chania, Crete, Greece, june 30 - july 10, 1969</subfield><subfield code="c">E.D. Haidemenakis</subfield></datafield><datafield ind1=" " ind2=" " tag="260"><subfield code="a">New York</subfield><subfield code="b">Gordon and Breach Science Publishers</subfield><subfield code="c">1970</subfield></datafield><datafield ind1=" " ind2=" " tag="300"><subfield code="a">520P</subfield></datafield><datafield ind1=" " ind2=" " tag="852"><subfield code="a">37828</subfield><subfield code="c">539.2</subfield></datafield><datafield ind1=" " ind2=" " tag="CAT"><subfield code="a">SYS</subfield><subfield code="c">20170302</subfield><subfield code="h">102750</subfield></datafield></record></collection>